% Bibliography
@misc{rms2011,
  title={A Free Digital Society - What Makes Digital Inclusion Good or Bad?},
  url={http://www.gnu.org/philosophy/free-digital-society.en.html},
  author={Richard M. Stallman},
  year={2011},
  month={October},
  day={19},
  type={Lecture transcript},
}
@misc{rms2015,
  title={The GNU Project},
  url={http://www.gnu.org/gnu/thegnuproject.en.html},
  journal={About the GNU Project - GNU Project - Free Software Foundation},
  publisher={Free Software Foundation},
  author={Stallman, Richard M},
  year={2015}
}
@article{caulkins,
  title={When to make proprietary software open source},
  volume={37},
  number={6},
  journal={Journal of Economic Dynamics and Control},
  author={Caulkins, Jonathan P. and Feichtinger, Gustav and Grass, Dieter and
    Hartl, Richard F. and Kort, Peter M. and Seidl, Andrea},
  year={2013},
  month={Jun},
  pages={1182-1194},
  doi={10.1016/j.jedc.2013.02.009},
}
@article{powell,
  title={Democratizing production through open source knowledge: from open
    software to open hardware},
  volume={34},
  number={6},
  journal={Media, Culture \& Society},
  author={Powell, A.},
  year={2012},
  month={Sep},
  pages={691-708},
  doi={10.1177/0163443712449497},
}
@article{yetis,
  title={Networked Entrepreneurs: How Entrepreneurs Leverage Open Source
    Software Communities},
  volume={59},
  number={4},
  journal={American Behavioral Scientist},
  author={Yetis-Larsson, Z. and Teigland, R. and Dovbysh, O.},
  year={2014},
  pages={475-491},
  doi={10.1177/0002764214556809},
}
@article{bisson,
  title={What Makes Open Source Work?},
  volume={43},
  number={3},
  journal={Library Technology Reports},
  author={Casey Bisson},
  year={2007},
}
@article{wang,
  title={Revisiting {Linus's} law: Benefits and challenges of open source
    software peer review},
  doi={10.1016/j.ijhcs.2015.01.005},
  volume={77},
  journal={International Journal of Human-Computer Studies},
  author={Wang, Jing and Shih, Patrick C. and Carroll, John M.},
  year={2015},
  pages={52-65}
}
@misc{zemlin,
  title={What the Tech Industry Has Learned from {Linus Torvalds}},
  author={Jim Zemlin},
  year={2013},
  url={https://www.youtube.com/watch?v=7XTHdcmjenI},
  type={Video file},
}
@article{pankaja,
  title={Proprietary Software versus Open Source Software for Education},
  volume={2},
  number={7},
  journal={American Journal of Engineering Research},
  author={Pankaja, N. and Raj, Mukund},
  year={2013},
  pages={124-130},
}
@article{clarke,
  title={Is Open Source Software More Secure?},
  author={Clarke, R and Dorwin, D and Nash, R},
}
@misc{pahlka,
  title={Coding a Better Government},
  author={Pahlka, Jennifer},
  year={2012},
  month={Feb},
  type={Video file},
  url={https://www.ted.com/talks/jennifer_pahlka_coding_a_better_government},
}
@article{pyka,
  doi={10.1016/j.jsis.2009.10.001},
  title={Alleviating piracy through open source strategy: An exploratory study
    of business software firms in China},
  volume={18},
  number={4},
  journal={The Journal of Strategic Information Systems},
  author={Pyk\"{a}l\"{a}inen, T. and Yang, D. and Fang, T.},
  year={2009},
  pages={165-177},
}
@article{andres,
  doi={10.1007/s10551-013-1620-7},
  title={Fighting Software Piracy: Which Governance Tools Matter in Africa?},
  volume={118},
  number={3},
  journal={Journal of Business Ethics},
  author={Andr\'{e}s, Antonio R. and Asongu, Simplice A.},
  year={2013},
  pages={667-682},
}
@article{mark, title={Open Sourcing Can Tackle Software Piracy},
  journal={Africa News Service},
  author={Mark, Okuttah},
  year={2008},
  month={Mar},
  day={31},
}
@article{cosovanu,
  title={Open Source Software in Eastern Europe and Other Emerging Markets: The
    Moral Alternative to Piracy?},
  volume={9},
  journal={Journal of Internet Law},
  author={Cosovanu, Catalin},
  year={2006},
  month={Jan},
}
@INPROCEEDINGS{6906413,
  author={S. Resondry and K. Boudaoud and M. Kamel and Y.
    Bertrand and M. Riveill},
  booktitle={Wireless Communications and Mobile Computing Conference ({IWCMC}),
    2014 International},
  title={An alternative version of HTTPS to provide non-repudiation security
    property}, year={2014},
  pages={536-541},
  doi={10.1109/IWCMC.2014.6906413},
  month={Aug},
}
@article{colannino,
  author={Colannino, Justin C.},
  issn={01994646},
  journal={Fordham Urban Law Journal},
  keywords={OPEN source software, FREEWARE (Computer software), GOVERNMENT
    purchasing, COMPUTER software development, OPERATING systems
      (Computers), MUNICIPAL government},
  number={4},
  pages={903 - 929},
  title={FREE AND OPEN SOURCE SOFTWARE IN MUNICIPAL PROCUREMENT: THE
    CHALLENGES AND BENEFITS OF COOPERATION.},
  volume={39},
  year={2012},
}
@article{boulanger,
  title={Open-source versus proprietary software: Is one more reliable and
    secure than the other?},
  volume={44},
  number={2},
  journal={IBM Systems Journal},
  author={Boulanger, A.},
  year={2005},
  pages={239-248},
}
@inproceedings{kadura,
  title={OPEN SOURCE VS. CLOSED SOURCE SOFTWARE: TOWARDS MEASURING SECURITY},
  booktitle={SAC '09 Proceedings of the 2009 ACM symposiumon Applied Computing},
  author={Schryen, G., Kadura, R.},
  pages={2016-2023},
  year={2009},
  isbn={978-1-60558-166-8},
  doi={10.1145/1529282.1529731},
}
@report{redhat,
  title={Form {10-Q}},
  author={{Red Hat Inc.}},
  year={2015},
  month={Nov},
  url = {https://www.nyse.com/quote/XNYS:RHT/sec}
}

@misc{torvalds, title={The mind behind Linux},
  url={https://www.ted.com/talks/linus_torvalds_the_mind_behind_linux#t-199962},
  journal={TED}, publisher={TED},
  author={Torvalds, Linus},
  year={2016},
  month={Feb},
  type={Video file}} 

  @book{firefox,
    title={Mozilla Firefox logo 2013},
    url={https://commons.wikimedia.org/wiki/file:mozilla_firefox_logo_2013.svg},
    journal={Wikimedia Commons},
    year={2014},
    month={Oct}
  }

@book{apache,
  title={Feather},
  url={http://www.apache.org/foundation/press/kit/},
  journal={Apache Software Foundation Graphics},
  publisher={Apache Software Foundation}
}

@book{tux,
  title={Tux},
  url={https://commons.wikimedia.org/wiki/File:Tux.svg},
  journal={Wikimedia Commons},
  year={2012},
  month={Sep}
}

@book{gnu,
  title={Heckert GNU white},
  url={https://en.wikipedia.org/wiki/File:Heckert_GNU_white.svg},
  journal={Wikimedia Commons},
  year={2011},
  month={Oct}
}

@book{kant,
  title={Immanuel Kant (painted portrait)},
  url={https://commons.wikimedia.org/wiki/file:immanuel_kant_(painted_portrait).jpg},
  journal={Wikimedia Commons},
  year={2014},
  month={Apr}
}

@book{mill,
  title={John Stuart Mill by London Stereoscopic Company},
  url={https://commons.wikimedia.org/wiki/file:john_stuart_mill_by_london_stereoscopic_company,_c1870.jpg},
  journal={Wikimedia Commons},
  year={2014},
  month={Feb}
}

@book{opensim,
  title={OSCC13 Track Leaders Meeting in UCI vLab},
  url={https://blog.inf.ed.ac.uk/atate/2013/06/05/opensimulator-community-conference-research-track-submissions-site-opens/},
  year={2013},
  month={Jun}
}
